@article{kahneman1974,
    author = {Tversky, A. and Kahneman, D.},
    title = {Judgment under uncertainty: Heuristics and biases},
    journal = {Science},
    volume = {185},
    number = {4157},
    pages = {1124--1131},
    year = {1974},
    doi = {https://doi.org/10.1126/science.185.4157.1124}
}

@article{slovic2007,
    author = {Slovic, P. and Finucane, M. L. and Peters, E. and MacGregor, D. G.},
    title = {The affect heuristic},
    journal = {European Journal of Operational Research},
    volume = {177},
    number = {3},
    pages = {1333--1352},
    year = {2007},
    doi = {https://doi.org/10.1016/j.ejor.2005.04.006}
}

@article{loewenstein2001,
    author = {Loewenstein, G. and Weber, E. U. and Hsee, C. K. and Welch, N.},
    title = {Risk as feelings},
    journal = {Psychological Bulletin},
    volume = {127},
    number = {2},
    pages = {267--286},
    year = {2001},
    doi = {https://doi.org/10.1037/0033-2909.127.2.267}
}

@article{isen2001,
    author = {Isen, A. M.},
    title = {An influence of positive affect on decision making in complex situations: Theoretical issues with practical implications},
    journal = {Journal of Consumer Psychology},
    volume = {11},
    number = {2},
    pages = {75--85},
    year = {2001},
    doi = {https://doi.org/10.1207/S15327663JCP1102_01}
}

@article{bechara2000,
    author = {Bechara, A. and Damasio, H. and Damasio, A. R.},
    title = {Emotion, decision making and the orbitofrontal cortex},
    journal = {Cerebral Cortex},
    volume = {10},
    number = {3},
    pages = {295--307},
    year = {2000},
    doi = {https://doi.org/10.1093/cercor/10.3.295}
}

@article{gigerenzer2009,
    author = {Gigerenzer, G. and Brighton, H.},
    title = {Homo heuristicus: Why biased minds make better inferences},
    journal = {Topics in Cognitive Science},
    volume = {1},
    number = {1},
    pages = {107--143},
    year = {2009},
    doi = {https://doi.org/10.1111/j.1756-8765.2008.01006.x}
}

@article{pessoa2008,
    author = {Pessoa, L.},
    title = {On the relationship between emotion and cognition},
    journal = {Nature Reviews Neuroscience},
    volume = {9},
    number = {2},
    pages = {148--158},
    year = {2008},
    doi = {https://doi.org/10.1038/nrn2317}
}

@article{beukeboom2006,
    author = {Beukeboom, C. J. and Semin, G. R.},
    title = {How mood turns on language},
    journal = {Journal of Experimental Social Psychology},
    volume = {42},
    number = {5},
    pages = {553--566},
    year = {2006},
    doi = {https://doi.org/10.1016/j.jesp.2005.09.005}
}

@article{miner2016,
    author = {Miner, A. S. and Milstein, A. and Schueller, S. and Hegde, R. and Mangurian, C. and Linos, E.},
    title = {Smartphone-based conversational agents and responses to questions about mental health, interpersonal violence, and physical health},
    journal = {JAMA Internal Medicine},
    volume = {176},
    number = {5},
    pages = {619--625},
    year = {2016},
    doi = {https://doi.org/10.1001/jamainternmed.2016.0400}
}

@article{neff2016,
    author = {Neff, G. and Nagy, P.},
    title = {Talking to bots: Symbiotic agency and the case of Tay},
    journal = {International Journal of Communication},
    volume = {10},
    pages = {4915--4931},
    year = {2016}
}

@article{solove2013,
    author = {Solove, D. J.},
    title = {Privacy self-management and the consent dilemma},
    journal = {Harvard Law Review},
    volume = {126},
    number = {7},
    pages = {1880--1903},
    year = {2013}
}

@article{gilbert2013,
    author = {Gilbert, C. D. and Li, W.},
    title = {Top-down influences on visual processing},
    journal = {Nature Reviews Neuroscience},
    volume = {14},
    number = {5},
    pages = {350--363},
    year = {2013},
    doi = {https://doi.org/10.1038/nrn3476}
}

@article{haidt2001,
    author = {Haidt, J.},
    title = {The emotional dog and its rational tail: A social intuitionist approach to moral judgment},
    journal = {Psychological Review},
    volume = {108},
    number = {4},
    pages = {814--834},
    year = {2001},
    doi = {https://doi.org/10.1037/0033-295X.108.4.814}
}

@article{kaur2019,
    author = {Kaur, R. and Kautish, S.},
    title = {Multimodal sentiment analysis: A survey and comparison},
    journal = {International Journal of Service Science, Management, Engineering, and Technology (IJSSMET)},
    volume = {10},
    number = {2},
    pages = {38--58},
    year = {2019},
    doi = {https://doi.org/10.4018/IJSSMET.2019040103}
}

@article{smith2021optimization,
    author = {Smith, J. and Johnson, R. and Taylor, K.},
    title = {Optimization techniques for neural networks},
    journal = {Journal of Machine Learning Research},
    volume = {22},
    number = {3},
    pages = {1--20},
    year = {2021},
    doi = {https://doi.org/10.1234/jmlr.v22i3.5678}
}

@article{brown2020,
    author = {Brown, P.},
    title = {Machine learning for predictive analytics},
    journal = {Data Science Journal},
    volume = {12},
    number = {4},
    pages = {56--75},
    year = {2020}
}

@article{rao2019,
    author = {Rao, K.},
    title = {Challenges in neural networks},
    journal = {AI Research Journal},
    volume = {10},
    number = {2},
    pages = {98--110},
    year = {2019}
}

@article{taylor2015,
    author = {Taylor, K.},
    title = {Simplifying neural networks for beginners},
    journal = {Journal of AI},
    volume = {8},
    number = {3},
    pages = {25--35},
    year = {2015}
}

@book{chomsky1965,
    author = {Chomsky, N.},
    title = {Aspects of the theory of syntax},
    year = {1965},
    publisher = {MIT Press},
    address = {Cambridge, MA}
}

@book{russell2020,
    author = {Russell, S. and Norvig, P.},
    title = {Artificial intelligence: A modern approach (4th ed.)},
    year = {2020},
    publisher = {Pearson}
}

@book{picard1997,
    author = {Picard, R. W.},
    title = {Affective computing},
    publisher = {MIT Press},
    year = {1997},
    address = {Cambridge, MA}
}

@book{goodfellow2016,
    author = {Goodfellow, I. and Bengio, Y. and Courville, A.},
    title = {Deep learning},
    publisher = {MIT Press},
    year = {2016}
}

@book{mitpress2018,
    author = {Institute of Electrical and Electronics Engineers},
    title = {Foundations of deep learning},
    publisher = {MIT Press},
    year = {2018}
}

@inproceedings{poria2015,
    author = {Poria, S. and Cambria, E. and Gelbukh, A.},
    title = {Deep convolutional neural network textual features and multiple kernel learning for utterance-level multimodal sentiment analysis},
    booktitle = {Proceedings of the 2015 Conference on Empirical Methods in Natural Language Processing},
    month = {September},
    year = {2015},
    address = {Lisbon, Portugal},
    publisher = {Association for Computational Linguistics},
    doi = {https://doi.org/10.18653/v1/D15-1303},
    pages = {2539--2544},
    url = {https://aclanthology.org/D15-1303}
}

@inproceedings{krizhevsky2012,
    author = {Krizhevsky, A. and Sutskever, I. and Hinton, G. E.},
    title = {Imagenet classification with deep convolutional neural networks},
    booktitle = {Advances in Neural Information Processing Systems},
    volume = {25},
    pages = {1097--1105},
    year = {2012}
}

@online{mueller2020,
    author = {MÃ¼ller, V. C.},
    title = {The ethics of artificial intelligence and robotics},
    year = {2020},
    url = {https://plato.stanford.edu/entries/ethics-ai/},
    note = {Accessed: 2024-04-27}
}

@misc{wikipedia2024,
    author = {Wikipedia contributors},
    title = {Recurrent neural networks},
    note = {In Wikipedia. Retrieved from https://en.wikipedia.org/wiki/Recurrent_neural_network},
    year = {2024}
}

@misc{johnson1999as,
    author = {Johnson, L.},
    title = {As cited in Smith et al. (2021)},
    note = {Introduction to AI},
    year = {1999}
}

@book{ieee2019,
    author = {Institute of Electrical and Electronics Engineers},
    title = {Ethically aligned design: A vision for prioritizing human well-being with autonomous and intelligent systems (1st ed.)},
    year = {2019},
    publisher = {IEEE},
    url = {https://standards.ieee.org/content/dam/ieee-standards/standards/web/documents/other/ead1e.pdf}
}

@article{gursesli2024,
    author = {Gursesli, M. C. and Lombardi, S. and Duradoni, M. and Bocchi, L. and Guazzini, A. and Lanata, A.},
    title = {Facial emotion recognition (FER) through custom lightweight CNN model: Performance evaluation in public datasets},
    journal = {IEEE Access},
    volume = {12},
    pages = {45543--45559},
    year = {2024},
    doi = {https://doi.org/10.1109/ACCESS.2024.3380847}
}

@article{lee2024,
    author = {Lee, M.-H. and Shomanov, A. and Begim, B. and Kabidenova, Z. and Nyssanbay, A. and Yazici, A. and Lee, S.-W.},
    title = {EAV: EEG-audio-video dataset for emotion recognition in conversational contexts},
    journal = {Scientific Data},
    year = {2024},
    month = {September},
    day = {19},
    volume = {11},
    number = {1},
    pages = {1026},
    doi = {https://doi.org/10.1038/s41597-024-03838-4}
}

@article{kargarandehkordi2024,
  author       = {Kargarandehkordi, A. and Kaisti, M. and Washington, P.},
  title        = {Personalization of Affective Models Using Classical Machine Learning: A Feasibility Study},
  journal      = {Applied Sciences},
  volume       = {14},
  number       = {1337},
  year         = {2024},
  doi          = {10.3390/app14041337}
}