@book{goodfellow2016,
	author    = {Ian Goodfellow and Yoshua Bengio and Aaron Courville},
	title     = {Deep Learning},
	publisher = {MIT Press},
	year      = {2016}
}

@article{smith2021optimization,
	author    = {J. Smith and R. Johnson and K. Taylor},
	title     = {Optimization techniques for neural networks},
	journal   = {Journal of Machine Learning Research},
	volume    = {22},
	number    = {3},
	pages     = {1--20},
	year      = {2021},
	doi       = {10.1234/jmlr.v22i3.5678}
}

@inproceedings{krizhevsky2012,
	author    = {Alex Krizhevsky and Ilya Sutskever and Geoffrey E. Hinton},
	title     = {Imagenet classification with deep convolutional neural networks},
	booktitle = {Advances in Neural Information Processing Systems},
	volume    = {25},
	pages     = {1097--1105},
	year      = {2012}
}

@article{brown2020,
	author    = {P. Brown},
	title     = {Machine learning for predictive analytics},
	journal   = {Data Science Journal},
	volume    = {12},
	number    = {4},
	pages     = {56--75},
	year      = {2020}
}

@article{noauthor2021,
	title     = {Recent advances in RNNs},
	journal   = {Neural Networks Review},
	volume    = {5},
	number    = {1},
	pages     = {34--50},
	year      = {2021}
}

@misc{johnson1999as,
	author    = {L. Johnson},
	title     = {As cited in Smith et al. (2021)},
	note      = {Introduction to AI},
	year      = {1999}
}

@misc{wikipedia2024,
	author    = {Wikipedia contributors},
	title     = {Recurrent neural networks},
	note      = {In Wikipedia. Retrieved from https://en.wikipedia.org/wiki/Recurrent\_neural\_network},
	year      = {2024}
}

@book{mitpress2018,
	author    = {MIT Press},
	title     = {Foundations of Deep Learning},
	publisher = {MIT Press},
	year      = {2018}
}

@article{rao2019,
	author    = {K. Rao},
	title     = {Challenges in neural networks},
	journal   = {AI Research Journal},
	volume    = {10},
	number    = {2},
	pages     = {98--110},
	year      = {2019}
}

@article{taylor2015,
	author    = {K. Taylor},
	title     = {Simplifying neural networks for beginners},
	journal   = {Journal of AI},
	volume    = {8},
	number    = {3},
	pages     = {25--35},
	year      = {2015}
}
