@article{pessoa2013,
  author       = {Pessoa, L.},
  title        = {Emotion and Cognition: From Mapping Brain Functions to Their Interactions},
  journal      = {Nature Reviews Neuroscience},
  volume       = {14},
  number       = {7},
  pages        = {473--486},
  year         = {2013},
  doi          = {10.1038/nrn3476}
}

@article{haidt2001,
  author       = {Haidt, J.},
  title        = {The Emotional Dog and its Rational Tail: A Social Intuitionist Approach to Moral Judgment},
  journal      = {Psychological Review},
  volume       = {108},
  number       = {4},
  pages        = {814--834},
  year         = {2001},
  doi          = {10.1037/0033-295X.108.4.814}
}

@article{poria2015,
  author       = {Poria, S. and Cambria, E. and Gelbukh, A.},
  title        = {Multimodal Sentiment Analysis: A Survey and Comparison},
  journal      = {Information Fusion},
  volume       = {28},
  pages        = {87--93},
  year         = {2015},
  doi          = {10.1016/j.inffus.2014.07.001}
}

@book{picard1997,
  author       = {Picard, R. W.},
  title        = {Affective Computing},
  publisher    = {MIT Press},
  year         = {1997},
  address      = {Cambridge, MA}
}

@online{mueller2020,
  author       = {MÃ¼ller, V. C.},
  title        = {The Ethics of Artificial Intelligence and Robotics},
  year         = {2020},
  url          = {https://plato.stanford.edu/entries/ethics-ai/},
  note         = {Accessed: 2024-04-27}
}

@article{kargarandehkordi2024,
  author       = {Kargarandehkordi, A. and Kaisti, M. and Washington, P.},
  title        = {Personalization of Affective Models Using Classical Machine Learning: A Feasibility Study},
  journal      = {Applied Sciences},
  volume       = {14},
  number       = {1337},
  year         = {2024},
  doi          = {10.3390/app1413337}
}

@article{gursesli2024,
  author       = {Mustafa Can Gursesli and Sara Lombardi and Mirko Duradoni and Leonardo Bocchi and Andrea Guazzini and Antonio Lanata},
  title        = {Facial Emotion Recognition (FER) Through Custom Lightweight CNN Model: Performance Evaluation in Public Datasets},
  journal      = {IEEE Access},
  volume       = {12},
  pages        = {45543--45556},
  year         = {2024},
  doi          = {10.1109/ACCESS.2024.3380847},
  url          = {https://ieeexplore.ieee.org/document/10477992},
  note         = {Received: March 5, 2024; Accepted: March 18, 2024; Published: March 22, 2024},
}


@article{lee2024,
  author       = {Lee, Min-Ho and Sun, Yang and Niu, Yusheng and Yeo, Jin and Shin, Hyo-Jeong and Jeon, Min-Gyeong and Lee, In-Ji and Lee, Namhee and Kwon, Oh-Sang and Jang, Junghye},
  title        = {EEG-Audio-Video Dataset for Emotion Recognition in Conversational Contexts},
  journal      = {Scientific Data},
  volume       = {11},
  number       = {1},
  pages        = {1026},
  year         = {2024},
  doi          = {10.1038/s41597-024-03838-4},
  url          = {https://www.nature.com/articles/s41597-024-03838-4}
}
